@article{destexhe1994synthesis,
  title={Synthesis of models for excitable membranes, synaptic transmission and neuromodulation using a common kinetic formalism},
  author={Destexhe, Alain and Mainen, Zachary F and Sejnowski, Terrence J},
  journal={Journal of computational neuroscience},
  volume={1},
  number={3},
  pages={195--230},
  year={1994},
  publisher={Springer}
}


@article{regehr1995calcium,
  title={Calcium transients in cerebellar granule cell presynaptic terminals},
  author={Regehr, Wade G and Atluri, Pradeep P},
  journal={Biophysical Journal},
  volume={68},
  number={5},
  pages={2156--2170},
  year={1995},
  publisher={Elsevier}
}
